
@article{raynaud_multicentered_2010,
  volume = {126},
  shorttitle = {Multicentered Effective Group Potentials},
  language = {en},
  number = {3-4},
  journal = {Theoretical Chemistry Accounts},
  author = {Raynaud, Christophe and {del Rosal}, Iker and Jolibois, Franck and Maron, Laurent and Poteau, Romuald},
  year = {2010},
  pages = {151--163}
}

@article{EGP5,
  volume = {113},
  number = {15},
  journal = {Journal of chemical physics},
  author = {Hernandez, Norge Cruz and Sanz, Javier Fdez},
  year = {2000},
  pages = {6082--6087}
}

@article{EGP6,
  volume = {99},
  number = {2},
  journal = {Journal of chemical physics},
  author = {Romero, Jose Antonio Mejias and Sanz, Javier Fernandez},
  year = {1993},
  pages = {1255--1261}
}

@article{EGP9,
  volume = {102},
  number = {1},
  journal = {Journal of chemical physics},
  author = {Mejias, J. A. and Sanz, Javier Fernandez},
  year = {1994},
  pages = {327--336}
}

@article{gordon_fragmentation_2012,
  volume = {112},
  shorttitle = {Fragmentation {{Methods}}},
  number = {1},
  journal = {Chemical Reviews},
  author = {Gordon, Mark S. and Fedorov, Dmitri G. and Pruitt, Spencer R. and Slipchenko, Lyudmila V.},
  year = {2012},
  pages = {632--672}
}

@article{steinmann_effective_2012,
  volume = {7},
  number = {7},
  journal = {PLoS ONE},
  author = {Steinmann, Casper and Fedorov, Dmitri G. and Jensen, Jan H.},
  year = {2012},
  pmid = {22844433},
  pmcid = {PMC3402534}
}

@article{gordon_effective_2001,
  volume = {105},
  shorttitle = {The {{Effective Fragment Potential Method}}},
  number = {2},
  journal = {The Journal of Physical Chemistry A},
  author = {Gordon, Mark S. and Freitag, Mark A. and Bandyopadhyay, Pradipta and Jensen, Jan H. and Kairys, Visvaldas and Stevens, Walter J.},
  year = {2001},
  pages = {293--307}
}

@article{ASSFELD1996100,
title = "Quantum chemical computations on parts of large molecules: the ab initio local self consistent field method",
journal = "Chemical Physics Letters",
volume = "263",
number = "1",
pages = "100 - 106",
year = "1996",
issn = "0009-2614",
doi = "https://doi.org/10.1016/S0009-2614(96)01165-7",
url = "http://www.sciencedirect.com/science/article/pii/S0009261496011657",
author = "Xavier Assfeld and Jean-Louis Rivail"
}
